@Book{gG07,year = 2007}